@article{amiet:1975,
   author=  {Amiet, Roy K.},
   title=   {Acoustic Radiation from an Airfoil in a Turbulent Stream},
   journal= {Journal of Sound and Vibration},
   volume=  {41},
   number=  {4},
   pages=   {407–420},
   year=    {1975},
   doi=     {https://doi.org/10.1016/S0022-460X(75)80105-2}
}

%% Bortolotti, Pietro, Helena Canet Tarres, Katherine Dykes, Karl Merz,
%% Latha Sethuraman, David Verelst, and Frederik Zahle. 2019. *Systems
%% Engineering in Wind Energy - WP2.1 Reference Wind Turbines*. IEA
%% Technical Report. https://www.nrel.gov/docs/fy19osti/73492.pdf.
%% 
%% Brooks, Thomas F., D. Stuart Pope, and Michael A. Marcolini. 1989.
%% “Airfoil Self-Noise and Prediction.” *NASA Reference Publication 1218*.
%% 
%% Drela, Mark, and Michael B. Giles. 1987. “Viscous-inviscid analysis of
%% transonic and low Reynolds number airfoils.” AIAA Journal 25(10).
%% https://doi.org/10.2514/3.9789.
%% 
%% Guidati, Gianfranco, Rainer Bareiss, Siegfried Wagner, Ton Dassen, and
%% Rene Parchen. 1997. “Simulation and Measurement of Inflow-Turbulence
%% Noise on Airfoils.” *3\ rd AIAA/CEAS Aeroacoustics Conference*.
%% https://doi.org/10.2514/6.1997-1698.
%% 
%% Lowson, Martin V. 1970. “Theoretical Analysis of Compressor Noise
%% Evaluation.” *The Journal of the Acoustical Society of America* 47:
%% 371–385. https://doi.org/10.1121/1.1911508.
%% 
%% Klein, Levin, Jonas Gude, Florian Wenz, Thorsten Lutz, and Ewald Krämer.
%% 2018. “Advanced Computational Fluid Dynamics (CFD)–Multi-Body Simulation
%% (MBS) Coupling to Assess Low-Frequency Emissions from Wind Turbines.”
%% *Wind Energy Science Journal* 3: 713–728.
%% https://doi.org/10.5194/wes-3-713-2018.
%% 
%% Moriarty, Patrick J., and Paul G. Migliore. 2003. *Semi-Empirical
%% Aeroacoustic Noise Prediction Code for Wind Turbines* (Technical
%% Report). Golden, CO: National Renewable Energy Laboratory.
%% NREL/TP-500-34478. https://www.nrel.gov/docs/fy04osti/34478.pdf.
%% 
%% Moriarty, Patrick J., Gianfranco Guidati, and Paul Migliore. 2004.
%% “Recent Improvement of a Semi-Empirical Aeroacoustic Prediction Code for
%% Wind Turbines.” *10\ th AIAA/CEAS Aeroacoustics Conference*.
%% https://doi.org/10.2514/6.2004-3041.
%% 
%% Moriarty, Patrick J., Gianfranco Guidati, and Paul Migliore. 2005.
%% “Prediction of Turbulent Inflow and Trailing-Edge Noise for Wind
%% Turbines.” *11\ th AIAA/CEAS Aeroacoustics Conference*.
%% https://doi.org/10.2514/6.2005-2881.
%% 
%% Moriarty, Patrick J., and A. C. Hansen. 2005. AeroDyn Theory Manual
%% (Technical Report). Golden, CO: National Renewable Energy Laboratory.
%% NREL/TP-500-36881. https://www.nrel.gov/docs/fy05osti/36881.pdf.
%% 
%% Moriarty, Patrick J. 2005. “NAFNoise User's Guide.”
%% https://nwtc.nrel.gov/system/files/NAFNoise.pdf.
%% 
%% OpenFAST GitHub Repository. https://github.com/OpenFAST/openfast. Dev
%% branch, 2019.
%% 
%% Parchen, René R. 1998. “Progress Report DRAW: A Prediction Scheme for
%% Trailing Edge Noise Based on Detailed Boundary Layer Characteristics.”
%% TNO Institute of Applied Physics.
%% 
%% Paterson, Robert W., and Roy K. Amiet. 1976. “Acoustic radiation and
%% surface pressure characteristics of an airfoil due to incident
%% turbulence.” *3\ rd AIAA Aero-Acoustics Conference*, Palo Alto, CA.
%% 
%% Sucameli, Carlo R., Pietro Bortolotti, Alessandro Croce, Carlo L.
%% Bottasso. 2018. “Comparison of Some Wind Turbine Noise Emission Models
%% Coupled to BEM Aerodynamics.” *Journal of Physics: Conference Series*
%% 1037. https://doi.org/10.1088/1742-6596/1037/2/022038.
%% 
%% Viterna, Larry A. 1981. “Method for Predicting Impulsive Noise Generated
%% by Wind Turbine Rotors.” *DOE/NASA/20320-36*.
%% https://ntrs.nasa.gov/archive/nasa/casi.ntrs.nasa.gov/19820013840.pdf.
%% 
%% | Zhu, Wei J., Nicolai Heilskov, Wen Zhong Shen. 2005. “Modeling of
%%   Aerodynamically Generated Noise From Wind Turbines.” *Journal of Solar
%%   Energy Engineering* 127(4): 517-528. https://doi.org/10.1115/1.2035700
%% 
%% 
