@article{Arciniega-Reddy:2007,
   author =  {R. A. Arciniega and J. N. Reddy},
   title =   {Tensor-based finite element formulation for geometrically
nonlinear analysis of shell structures},
   journal = {Computer Methods in Applied Mechanics and Engineering},
   year =    2007,
   volume = {196},
   pages = {1048--1073}
}
@article{Arnold-Falk:1990,
   author =  {D. N. Arnold and R. S. Falk},
   title =   {The boundary layer for the {R}eissner-{Mindlin} plate model},
   journal = {SIAM Journal on Mathematical Analysis},
   year =    1990,
   volume = {21},
   pages = {281--312}
}
@inproceedings{Arnold-Falk:1989,
   author =  {D. N. Arnold and R. S. Falk},
   title =   {Edge effects in {R}eissner-{M}indlin plate theory},
   booktitle = {Analytic and Computational Models of Shells},
   year =    1989,
   publisher = {ASME},
   editor = {A. K. Noor and T. Belytschko and J. C. Simo}
}
@article{Arnold-Brezzi-Marini:2005,
   author =  {D. N. Arnold and F. Brezzi and L. D. Marini},
   title =   {A family of discontinuous {G}alerkin finite elements
              for the {R}eissner-{M}indlin plate},
   journal = {Journal of Scientific Computing},
   year =    2005,
   volume = {22/23},
   pages = {25}
}
@article{Babuska-Szabo-Katz:1981,
   author =  {I. Babu\v{s}ka and B. A. Szab\'o and I. N. Katz},
   title =   {The $p$-version of the finite element method},
   journal = {{SIAM} Journal on Numerical Analysis},
   year =    1981,
   volume = 18,
   pages = {515--545}
}
@article{Babuska-Suri:1992,
   author =  {I. Babu\v{s}ka and M. Suri},
   title =   {On locking and robustness in the finite element method},
   journal = {{SIAM} Journal on Numerical Analysis},
   year =    1992,
   volume = 29,
   pages = {1261--1293}
}
@article{Babuska-Suri:1994,
   author =  {I. Babu\v{s}ka and M. Suri},
   title =   {The \textit{p} 
and \textit{h-p} versions of the finite element method, basic
principles and properties},
   journal = {{SIAM} Review},
   year =    1994,
   volume = 36,
   pages = {578--632}
}
@article{Barlow:1976,
   author =  {J. Barlow},
   title =   {Optimal stress locations in finite element models},
   journal = {International Journal for Numerical Methods in Engineering},
   year =    1976,
   volume = 10,
   pages = {243--251}
}
@article{Bathe-Brezzi-Fortin:1989,
   author =  {K. J. Bathe and F. Brezzi and M. Fortin},
   title =   {Mixed-interpolated elements for 
{R}eissner-{M}indlin plates},
   journal = {International Journal for Numerical Methods in Engineering},
   year =    1989,
   volume = 21,
   pages = {1787--1801}
}
@article{Bar-Yoseph-etal:1996,
   author =  {P. Bar-Yoseph and D. Fisher and O. Gottlieb},
   title =   {Spectral element methods for nonlinear spatio-temporal
dynamics of an {Euler-Bernoulli} beam},
   journal = {Computational Mechanics},
   year =    1996,
   volume = 19,
   pages = {136--151},
}
@article{Bazilevs-etal:2006,
   author =  {Y. Bazilevs and C.M. Calo and Y. Zhang and T. J. R Hughes},
   title =   {Isogeometric Fluid structure Interaction Analysis with
Applications to Arterial Blood Flow},
   journal = {Computational Mechanics},
   year =    2006,
   volume = 38,
   pages = {310--322}
}
@book{Belytschko-Liu-Moran:2000,
   author =    {T. Belytschko and W. K. Liu and B. M. Moran},
   title =     {Nonlinear Finite Elements for Continua and Structures},
   publisher = {John Wiley \& Sons},
   year =      2000
}
@article{Ben-Tal-etal:1995,
   author = {A. Ben-Tal and P. Z. Bar-Yoseph and H. Flashner},
   title =   {Optimal maneuver of a flexible arm by space-time finite
element method},
   journal = {Journal of Guidance, Control, and Dynamics},
   year =    1995,
   volume = 18,
   pages = {1459--1462}
}
@article{Ben-Tal-etal:1996,
   author = {A. Ben-Tal and P. Z. Bar-Yoseph and H. Flashner},
   title =   {Space-time spectral element method for optimal slewing of a
flexible beam},
   journal = {International Journal for Numerical Methods in Engineering},
   year =    1996,
   volume = 39,
   pages = {3101--3121}
}
@unpublished{Brito:2010,
   author = {K.D. Brito},
   title= {Legendre Spectral Finite Elements for {Reissner-Mindlin}
Plates},
   year =    2010,
   note = {{Master} of {Science} comprehensive report; University of California,
Merced}
}
@article{Chakraborty-etal:2006,
   author = {A. Chakraborty and M. S. Sivakumar and S. Gopalakrishnan},
   title =   {Spectral element based model for wave propagation analysis
in multi-wall carbon nanotubes},
   journal = {International Journal of Solids and Structures},
   year =    2006,
   volume = 43,
   pages = {279--294}
}
@article{Cohen-Grob:2007,
   author = {G. Cohen and P. Grob},
   title =   {Mixed higher order spectral finite elements for
   {R}eissner-{M}indlin equations},
   journal = {SIAM Journal on Scientific Computing},
   year =    2007,
   volume = 29,
   pages = {986--1005}
}
@article{Dauksher-Emery:1997,
   author =  {Dauksher, W. and Emery, A. F.},
   title =   {Accuracy in modeling the acoustic wave equation with
   {Chebyshev} spectral finite elements},
   journal = {Finite Elements in Analysis and Design},
   volume = 26,
   pages = {115-128},
   year = 1997
}
@article{Dauksher-Emery:2000,
   author =  {W. Dauksher and A. F. Emery},
   title =   {The solution of elastoplastic and elastodynamic problems with
   {Chebyshev} spectral finite elements},
   journal = {Computer Methods in Applied Mechanics and Engineering},
   year =    2000,
   volume = 188,
   pages = {217--233}
}
@book{Deville-etal:2002,
   author =    {Deville, M. O. and Fischer, P. F. and Mund, E. H.},
   title =     {High-Order Methods for Incompressible Fluid Flow}, 
   publisher = {Cambridge University Press},
   year =      2002
}
@article{Duster-Rank:2001,
   author =  {A. D\"uster and R. Rank},
   title =   {The $p$-version of the finite-element method compared to an
adaptive $h$-version for the deformation theory of plasticity},
   journal = {Computer Methods in Applied Mechanics and Engineering},
   year =    2001,
   volume =  190,
   pages = {1925--1935}
}
@article{Fried:1974,
   author =  {I. Fried},
   title =   {Numerical integration of the finite element method},
   journal = {Computers and Structures},
   volume = 4,
   pages = {921--932},
   year = 1974
}
@article{Fried-Malkus:1975,
   author =  {I. Fried and D. S. Malkus},
   title =   {Finite element mass matrix lumping by numerical integration
with no convergence rate loss},
   journal = {International Journal of Solids and Structures},
   volume = 11,
   pages = {461--466},
   year = 1975
}
@book{Hughes:1987,
   author =  {T. J. R. Hughes},
   title =   {The Finite Element Method: Linear Static and Dynamic Finite
Element Analysis},
   year = {1987},
   publisher = {Prentice-Hall, Inc.},
   address = {Englewood Cliffs, N.J.}
}
@article{Hughes-Cottrell-Bazilevs:2005,
   author =  {T. J. R. Hughes and J. A. Cottrell and Y. Bazilevs},
   title =   {Isogeometric analysis: {CAD}, finite elements, {NURBS},
exact geometry and mesh refinement},
   journal = {Computer Methods in Applied Mechanics and Engineering},
   volume = 194,
   pages = {4135--4195},
   year = 2005
}
@article{Komatitsch-Vilotte:1998,
   author =  {Komatitsch, D. and Vilotte, J. P.},
   title =   {The spectral element method: An efficient tool to simulate
              the seismic response of {2D} and {3D} geological structures},
   journal = {Bulletin of the Seismological Society of America},
   year =    1998,
   volume = 88,
   number = 2,
   pages = {368-392}
}
@book{Karniadakis-Sherwin:2005,
   author =  {G. E. M. Karniadakis and S. Sherwin},
   title =   {Spectral/\textit{hp} 
element methods for computational fluid dynamics},
   year =    2005,
   publisher= {Oxford University Press}
}
@article{Kagan-etal:1998,
   author =  {P. Kagan and A. Fischer and P. Z. Bar-Yoseph},
   title =   {New B-spline finite element approach for geometrical design
and mechanical analysis},
   journal = {International Journal for Numerical Methods in Engineering},
   year =    1998,
   volume =  41,
   pages = {435--458}
}
@article{Karagiozova-Jones:1996,
   author =  {D. Karagiozova and N. Jones},
   title =   {Dynamic elastic-plastic buckling phenomena in a rod due to
axial impact},
   journal = {International Journal for Impact Engineering},
   year =    1996,
   volume =  18,
   pages = {919--947}
}
@article{Kim-Cho-Lee-Park:2003,
   author =  {J. Kim and J. Cho and U. Lee and S. Park},
   title =   {Modal spectral element formulation for axially moving plates
subjected to in-plane axial tension},
   journal = {Computers and Structures},
   year =    2003,
   volume =  81,
   pages = {2011--2020}
}
@article{Kudela-etal:2007a,
   author =  {P. Kudela and M. Krawczuk and W. Ostachowicz},
   title =   {Wave propagation modeling in {1D} structures using spectral
finite elements},
   journal = {Journal of Sound and Vibration},
   year =    2007,
   volume =  300,
   pages = {88--100}
}
@article{Kudela-etal:2007b,
   author =  {P. Kudela and A. Zak and M. Krawczuk and W. Ostachowicz},
   title =   {Modeling of wave propagation in composite plates using
the time domain spectral element method},
   journal = {Journal of Sound and Vibration},
   year =    2007,
   volume =  302,
   pages = {728--745}
}
@article{Kumar-Mahapatra-Gopalakrishnan:2004,
   author =  {D. S. Kumar and D. R. Mahapatra and S. Gopalakrishnan},
   title =   {A spectral finite element for wave propagation and structural
diagnostic analysis of composite beam with transverse crack},
   journal = {Finite Elements in Analysis and Design},
   year =    2004,
   volume =  237,
   pages = {1729-1751},
}
@article{Kurdi-Beran:2008,
   author =  {M. H. Kurdi and P. S. Beran},
   title =   {Spectral element method in time for rapidly actuated systems},
   journal = {Journal of Computational Physics},
   year =    2008,
   volume =  227,
   pages = {1809--1835}
}
@article{Lee-Bathe:2010,
   author =  {P. S. Lee and K. J. Bathe},
   title =   {The Quadratic MITC Plate and MITC Shell
Elements in Plate Bending},
   journal = {Advances in Engineering Software},
   year =    2010,
   volume =  41,
   pages = {712--728}
}
@article{Levinson-Cooke:1983,
   author =  {M. Levinson and D. W. Cooke},
   title =   {Thick Rectangular Plates--I The Generalized Navier Solution},
   journal = {International Journal of Mechanical Sciences},
   year =    1983,
   volume =  25,
   pages = {199--205}
}
@article{Li:1990,
   author =  {L. Li}, 
   title =   {Discretization of the {Timoshenko} Beam Problem by the
$p$ and the $h$--$p$ versions of the finite element method},
   journal = {Numerische Mathematik},
   year =    1990,
   volume =  57,
   pages = {413--420}
}
@article{Li-Hua:2007,
   author =  {J. Li and H. Hua},
   title =   {Spectral finite element analysis of elastically connected
double-beam systems},
   journal = {Finite Elements in Analysis and Design},
   year =    2007,
   volume =  43,
   pages = {1155--1168}
}
@article{Lin:1998,
   author =  {Lin, W. H.},
   title =   {A least-squares spectral element method for sound
              propagation in acoustic ducts},
   journal = {Journal of the Acoustical Society of America},
   year =    1998,
   volume = 104,
   number = 5,
   pages = {3111-3114}
}
@article{Mahapatra-Gopalakrishnan-Sankar:2000,
   author =  {D. R. Mahapatra and S. Gopalakrishnan and T. S. Sankar},
   title =   {Spectral element based solutions for wave propagation analysis
of multiply connected unsymmetric laminated composite beams},
   journal = {Journal of Sound and Vibration},
   year =    2000,
   volume =  237,
   pages = {819--836}
}
@article{Mahapatra-Gopalakrishnan:2003,
   author =  {D. R. Mahapatra and S. Gopalakrishnan},
   title =   {A spectral finite element model for analysis
of axial-flexural-shear coupled wave propagation
in laminated composite beams},
   journal = {Composite Structures},
   year =    2003,
   volume =  59,
   pages = {67-88},
}
@article{Mahapatra-Gopalakrishnan:2003b,
   author =  {D. R. Mahapatra and S. Gopalakrishnan},
   title =   {A spectral finite element for analysis of wave propagation in
uniform composite tubes},
   journal = {Journal of Sound and Vibration},
   year =    2003,
   volume =  268,
   pages = {429--463},
}
@article{Mahapatra-Gopalakrishnan:2004,
   author =  {D. R. Mahapatra and S. Gopalakrishnan},
   title =   {Spectral finite element analysis of coupled wave propagation
in composite beams with multiple delaminations and strip inclusions},
   journal = {International Journal of Solids and Structures},
   year =    2004,
   volume =  41,
   pages = {1173--1208},
}
@article{Mancuso-Ubertini:2006,
   author =  {M. Mancuso and F. Ubertini},
   title =   {An efficient time discontinuous {Galerkin} procedure for
non-linear structural dynamics},
   journal = {Computer Methods in Applied Mechanics and Engineering},
   year =    2006,
   volume =  41,
   pages = {6391--6406}
}
@article{Mindlin:1951,
   author =  {R. D. Mindlin},
   title =   {Influence of rotary inertia and shear on flexural motions of
isotropic elastic plates},
   journal = {ASME Journal of Applied Mechanics},
   year =    1951,
   volume =  18,
   pages = {31--38}
}
@article{Nag-Mahapatra-Gopalakrishnan-Sankar:2003,
   author =  {A. Nag and D. R. Mahapatra and S. Gopalakrishnan and T. S. Sankar},
   title =   {A spectral finite element with embedded delamination for
modeling of wave scattering in composite beams},
   journal = {Composites Science and Technology},
   year =    2003,
   volume =  63,
   pages = {2187--2200}
}
@article{Lee-etal:2000,
   author =  {U. Lee and J. Kim and A. Y. T. Leung},
   title =   {The Spectral Element Method in Structural Dynamics},
   journal = {The Shock and Vibration Digest},
   year =    2000,
   volume =  32,
   pages = {451--465}
}
@article{Lee-Schultz:2004,
   author =  {J. Lee and W. W. Schultz},
   title =   {Eigenvalue analysis of {T}imoshenko beams and axisymmetric
{M}indlin plates by the pseudospectral method},
   journal = {Journal of Sound and Vibration},
   year =    2004,
   volume =  269,
   pages = {609--621}
}
@article{Lee-Kim:2001,
   author =  {U. Lee and J. Kim},
   title =   {Spectral element modeling for the beams treated with active
constrained layer damping},
   journal = {International Journal of Solids and Structures},
   year =    2001,
   volume =  38,
   pages = {5679--5702}
}
@article{Palacz-etal:2005,
   author =  {M. Palacz and M. Krawczuk and W. Ostachowicz},
   title =   {The spectral finite element model for analysis of
flexural-shear coupled wave propagation. Part 1: Laminated multilayer
composite beam},
   journal = {Composites Structures},
   year =    2005,
   volume =  68,
   pages = {37--44},
}
@article{Patera:1984,
   author =  {Patera, A. T.},
   title =   {A spectral element method for fluid dynamics:
              Laminar flow in a channel expansion},
   journal = {Journal of Computational Physics},
   year =    1984,
   volume = 54,
   pages = {468-488}
}
@article{Peng-etal:2009,
   author =  {H. Peng and G. Meng and F. Li},
   title =   {Modeling of wave propagation in plate structures using
three-dimensional spectral element method for damage detection},
   journal = {Journal of Sound and Vibration},
   year =    2009,
   volume =  320,
   pages = {942--954}
}
@article{Pugh-etal:1978,
   author =  {E. D. L. Pugh and E. Hinton and O. C. Zienkiewicz},
   title =   {A study of quadrilateral plate bending elements with 'reduced'
integration},
   journal = {International Journal for Numerical Methods in Engineering},
   year =    1978,
   volume =  12,
   pages = {1059--1079}
}
@article{Rank-Duster-Nubel-Preusch-Bruhns:2005,
   author =  {E. Rank and A. D\"uster and V. N\"ubel and K. Preusch and O.
T. Bruhns},
   title =   {High order finite elements for shells},
   journal = {Computer Methods in Applied Mechanics and Engineering},
   year =    2005,
   volume =  194,
   pages = {2494--2512}
}
@article{Reissner:1946,
   author =  {E. Reissner},
   title =   {On bending of elastic plates},
   journal = {Quarterly of Applied Mathematics},
   year =    1946,
   volume =  5,
   pages = {55--68}
}
@book{Reddy:2004,
   author =  {J. N. Reddy},
   title =   {An Introduction to Nonlinear Finite Element Analysis},
   year =    2004,
   publisher= {Oxford University Press},
   address = {New York}
}
@article{Ronquist-Patera:1987,
   author =  {Ronquist, E. M. and Patera, A. T.},
   title =   {A {Legendre} spectral element method for the {Stefan}
problem},
   journal = {International Journal for Numerical Methods in Engineering},
   year =    1987,
   volume = 24,
   pages = {2273-2299}
}
@article{Ruotolo:2004,
   author =  {R. Ruotolo},
   title =   {A spectral element for laminated composite beams: theory and
application to pyroshock analysis},
   journal = {Journal of Sound and Vibration},
   year =    2004,
   volume =  270,
   pages = {149--169}
}
@inproceedings{Schwab-Suri:1994,
   author =  {C. Schwab and M. Suri},
   title =   {Locking and boundary layer effects in the finite element
approximation of the {R}eissner-{M}indlin plate model},
   year =    1994,
   booktitle = {Proceedings of the Mathematics of Computation 50th
Anniversary Symposium},
   publisher = {American Mathematical Society},
   editor = {W. Gautschi},
   pages = {367--371}
}
@article{Seriani:1998,
   author =  {G. Seriani},
   title =   {{3-D} large-scale wave-propagation modeling by the spectral
element method on a {Cray T3E} multiprocessor},
   journal = {Computer Methods in Applied Mechanics and Engineering},
   year =    1998,
   volume = 164,
   pages = {235--247}
}
@article{Sprague-Colvin:2011,
   author =  {M. A. Sprague and M. E. Colvin},
   title =   {A mixture-enthalpy
fixed-grid model for temperature response and heterocyclic-amine formation
in a frying beef patty},
   journal = {Food Research International},
   year =    2011,
   volume = 44,
   pages = {789--797}
}
@article{Sprague-Geers:2003,
   author =  {Sprague, M. A. and Geers, T. L.},
   title =   {Spectral elements and field separation for an
   acoustic fluid subject to cavitation},
   journal = {Journal of Computational Physics},
   year =    2003,
   volume = 184,
   pages = {149-162}
}
@article{Sprague-Geers:2004,
   author =  {M. A. Sprague and T. L. Geers},
   title =   {A spectral-element method for modeling cavitation in transient
   fluid-structure interaction},
   journal = {International Journal for Numerical Methods in Engineering},
   year =    2004,
   volume = 60,
   pages = {2467-2499}
}
@article{Sprague-Geers:2008,
   author =  {M. A. Sprague and T. L. Geers},
   title =   {Legendre spectral finite elements for structural dynamics
analysis},
   journal = {Communications in Numerical Methods in Engineering},
   year =    2008,
   volume = 24,
   pages = {1953--1965}
}
@article{Sprague-Brito:2012,
   author =  {K. D. Brito and M. A. Sprague},
   title =   {{Reissner-Mindlin Legendre} spectral finite elements with mixed reduced quadrature },
   journal = {Finite Elements in Analysis and Design},
   year =    2012,
   volume = 58,
   pages = {74--83}
}
@article{Sprague-etal:2008a,
   author =  {M. A. Sprague and P. D. Weidman and S. Macumber and P. F.
Fischer},
   title =   {Tailored Taylor Vortices},
   journal = {Physics of Fluids},
   year =    2008,
   volume = 20,
   note = {014102}
}
@article{Ross-etal:2008a,
   author =  {M. Ross and C. A. Felippa and K. C. Park and M. A. Sprague},
   title =   {Treatment of acoustic fluid-structure interaction by localized
Lagrange multipliers: Formulation},
   journal = {Computer Methods in Applied Mechanics and Engineering},
   year =    2008,
   note = {Accepted for publication}
}
@article{Sridhar-Chakraborty-Gopalakrishnan:2005,
   author =  {R. Sridhar and A. Chakraborty and S. Gopalakrishnan},
   title =   {Wave propagation in anisotropic and inhomogeneous uncracked
and cracked structures using the pseudospectral finite element method},
   journal = {International Journal of Solids and Structures},
   volume = {43},
   year =    2006,
   pages = {4997--5031}
}
@book{Strang-Fix:1988,
   author =  {G. Strang and G. J. Fix},
   title =   {An Analysis of the Finite Element Method},
   year =    1988,
   publisher= {Wellesley-Cambridge Press},
   address = {Wellesley}
}
@article{StressCheck,
   author =  {Stress Check},
   title =   {GET MANUAL TITLE},
   journal = {No Journal},
   year =    {XXXX}
}
@article{Suri:1996,
   author =  {M. Suri},
   title =   {Analytic and computational assessment of locking in the
\textit{hp} finite element methods},
   journal = {Computer Methods in Applied Mechanics and Engineering},
   year =    1996,
   volume = 133,
   pages = {347--371}
}
@book{Szabo-Babuska:1991,
   author =  {B. Szab\'o and I. Babu\v{s}ka},
   title =   {Finite Element Analysis},
   year =    1991,
   publisher= {Wiley},
   address = {New York}
}
@article{Sze-etal:2004,
   author = {K. Y. Sze and X. H. Liu and S. H. Lo},
   title =  {Popular benchmark problems for geometric nonlinear analysis of
shells},
   journal = {Finite Elements in Analysis and Design},
   year =    {2004},
   volume = 40,
   pages = {1151--1569}
}
@article{Thompson-Pinsky:1994,
   author =  {L. L. Thompson and P. M. Pinsky},
   title =   {Complex wavenumber {Fourier} analysis of the
\textit{p}-version finite element method},
   journal = {Computational Mechanics},
   year =    {1994},
   volume = 13,
   pages = {255-275},
}
@article{Tsach:1981,
   author =  {U. Tsach},
   title =   {Locking of thin plate/shell elements},
   journal = {International Journal for Numerical Methods in Engineering},
   year =    {1981},
   volume = 17,
   pages = {633--644},
}
@article{Tsui-Tong:1971,
   author =  {T. Y. Tsui and P. Tong},
   title =   {Stability of transient solution of moderately thick plate by
finite difference method},
   journal = {AIAA Journal},
   year =    {1971},
   volume = 9,
   pages = {2062--2063}
}
@article{Vinod-etal:2007,
   author =  {K. G. Vinod and S. Gopalakrishnan and R. Ganguli},
   title =   {Free vibration and wave propagation analysis of uniform
and tapered rotating beams using
spectrally formulated finite elements},
   journal = {International Journal of Solids and Structures},
   year =    2007,
   volume = 44,
   pages = {5875--5893}
}
@article{Wang-Wereley:2004,
   author =  {G. Wang and N. M. Wereley},
   title =   {Free Vibration Analysis of Rotating Blades with Uniform
Tapers},
   journal = {AIAA Journal},
   year =    2004,
   volume = 42,
   pages = {2429}
}
@article{Zienkiewicz-etal:1971,
   author =  {O. C. Zienkiewicz and R. L. Taylor and J. M. Too},
   title =   {Reduced integration techniques in general analysis of plates
and shells},
   journal = {International Journal of Numerical Methods in Engineering},
   year =    1971,
   volume = 3,
   pages = {275--290}
}
@article{Zrahia-Bar-Yoseph:1994,
   author =  {U. Zrahia and P. Bar-Yoseph},
   title =   {Space-time spectral element method for solution of
second-order hyperbolic equations},
   journal = {Computer Methods in Applied Mechanics in Engineering},
   year =    1994,
   volume = 116,
   pages = {135--146}
}
@article{Zrahia-Bar-Yoseph:1995,
   author =  {U. Zrahia and P. Bar-Yoseph},
   title =   {Plate spectral elements based upon {Reissner-Mindlin} theory},
   journal = {International Journal for Numerical Methods in Engineering},
   year =    1995,
   volume = 38,
   pages = {1341--1360}
}
