 @misc{ WindWiki,
   author = "Wikipedia",
   title = "Wind power in the United States--- {W}ikipedia{,} The Free Encyclopedia",
   year = "2013",
   url = "http://en.wikipedia.org/wiki/Wind_power_in_the_United_States",
   note = "[Online; accessed 10-June-2013]"
 }

@article{Ressiner1973,
    author  = "Reissner, E",
    title   = "On one-dimensional large-displacement finite -strain beam theory",
    year    = "1973",
    journal = "Studies in Applied Mathematics LII",
    pages   = "87--95"
}

@book{HodgesBeamBook,
    author    = "Dewey H. Hodges",
    title     = "Nonlinear Composite Beam Theory",
    year      = "2006",
    publisher = "AIAA"
}

@article{Simo1985,
    author  = "J. C. Simo",
    title   = "A finite strain beam formulation. The three-dimensional dynamic problem. Part I",
    year    = "1985",
    journal = "Computer Methods in Applied Mechanics and Engineering",
    volume  = "49",
    pages   = "55--70"
}

@article{Simo1986,
    author  = "J. C. Simo and L. Vu-Quoc",
    title   = "A three-dimensional finite-strain rod model. Part II",
    year    = "1986",
    journal = "Computer Methods in Applied Mechanics and Engineering",
    volume  = "58",
    pages   = "79--116"
}

@article{Crisfield1999,
    author  = "G. Jeleni\'{c} and M. A. Crisfield",
    title   = "Geometrically exact 3D beam theory: implementation of a strain-invariant finite element for statics and dynamics",
    year    = "1999",
    journal = "Computer Methods in Applied Mechanics and Engineering",
    volume  = "171",
    pages   = "141--171"
}


@article{Betsch2002,
    author  = "P. Betsch and P. Steinmann",
    title   = "Frame-indifferent beam finite elements based upon the geometrically exact beam theory",
    year    = "2002",
    journal = "International Journal for Numerical Methods in Engineering",
    volume  = "54",
    pages   = "1775--1788"
}

@article{Ibrahim1995,
    author  = "Adnan Ibrahimbegovi\'c",
    title   = "On finite element implementation of geometrically nonlinear Reissner's beam theory: three-dimensional curved beam elements",
    year    = "1995",
    journal = "Computer Methods in Applied Mechanics and Engineering",
    volume  = "122",
    pages   = "11--26"
}


@article{Ibrahim1998,
    author  = "Adnan Ibrahimbegovi\'c and Mazen Al Mikdad",
    title   = "Finite rotations in dynamics of beams and implicit time-stepping schemes",
    year    = "1998",
    journal = "International Journal for Numerical Methods in Engineering",
    volume  = "41",
    pages   = "781--814"
}

@book{CookFEM,
    author    = "Robert D. Cook and David S. Malkus and michael E. Plesha and Robert J. Witt",
    title     = "Concepts and Applications of Finite Element Analysis",
    year      = "2001",
    edition = "4",
    publisher = "Wiley"
}

@article{YuGEBT,
    author  = "Wenbin Yu and Maxwell Blair",
    title   = "GEBT: A general-purpose nonlinear analysis tool for composite beams",
    year    = "2012",
    journal = "Composite Structures",
    volume  = "94",
    pages   = "2677--2689"
}

@book{Bauchau:2010,
    author    = "O. A. Bauchau",
    title     = "Flexible Multibody Dynamics",
    year      = "2010",
    publisher = "Springer"
}






