 @misc{ WindWiki,
   author = "Wikipedia",
   title = "Wind power in the United States--- {W}ikipedia{,} The Free Encyclopedia",
   year = "2012",
   url = "http://en.wikipedia.org/wiki/Wind_power_in_the_United_States",
   note = "[Online; accessed 30-July-2012]"
 }
 
 @TechReport{EIAReport,
   author = "{Energy Information Administration}",
   title = "Electric Power Monthly data for July 2012",
   institution = "Department of Energy",
   year = "2012",
   month = "July"
 }

 @techreport{Sandia100,
    author    = "D. Todd Griffith and Thomas D. Ashwill",
    title     = "The Sandia 100-meter All-glass Baseline Wind Turbine Blade: SNL100-00",
    institution = "Sandia National Laboratories",
    number   = "SAND2011-3779",
    year      = "2011",
    month    = "June"
}

@article{Ressiner1973,
    author  = "Reissner, E",
    title   = "On one-dimensional large-displacement finite -strain beam theory",
    year    = "1973",
    journal = "Studies in Applied Mathematics LII",
    pages   = "87--95"
}

@book{HodgesBeamBook,
    author    = "Dewey H. Hodges",
    title     = "Nonlinear Composite Beam Theory",
    year      = "2006",
    publisher = "AIAA"
}

@article{Simo1985,
    author  = "J. C. Simo",
    title   = "A finite strain beam formulation. The three-dimensional dynamic problem. Part I",
    year    = "1985",
    journal = "Computer Methods in Applied Mechanics and Engineering",
    volume  = "49",
    pages   = "55--70"
}

@article{Simo1986,
    author  = "J. C. Simo and L. Vu-Quoc",
    title   = "A three-dimensional finite-strain rod model. Part II",
    year    = "1986",
    journal = "Computer Methods in Applied Mechanics and Engineering",
    volume  = "58",
    pages   = "79--116"
}

@article{Crisfield1999,
    author  = "G. Jeleni\'{c} and M. A. Crisfield",
    title   = "Geometrically exact 3D beam theory: implementation of a strain-invariant finite element for statics and dynamics",
    year    = "1999",
    journal = "Computer Methods in Applied Mechanics and Engineering",
    volume  = "171",
    pages   = "141--171"
}


@article{Betsch2002,
    author  = "P. Betsch and P. Steinmann",
    title   = "Frame-indifferent beam finite elements based upon the geometrically exact beam theory",
    year    = "2002",
    journal = "International Journal for Numerical Methods in Engineering",
    volume  = "54",
    pages   = "1775--1788"
}

@article{Ibrahim1995,
    author  = "Adnan Ibrahimbegovi\'c",
    title   = "On finite element implementation of geometrically nonlinear Reissner's beam theory: three-dimensional curved beam elements",
    year    = "1995",
    journal = "Computer Methods in Applied Mechanics and Engineering",
    volume  = "122",
    pages   = "11--26"
}

@article{IbrahimRot1995,
    author  = "Adnan Ibrahimbegovi\'c and Fran\c{c}ois Frey and Ivica Ko\v{z}ar",
    title   = "Computational aspects of vector-like parameterization of three-dimensional finite rotations",
    year    = "1995",
    journal = "International Journal for Numerical Methods in Engineering",
    volume  = "38",
    pages   = "3653--3673"
}

@article{Ibrahim1998,
    author  = "Adnan Ibrahimbegovi\'c and Mazen Al Mikdad",
    title   = "Finite rotations in dynamics of beams and implicit time-stepping schemes",
    year    = "1998",
    journal = "International Journal for Numerical Methods in Engineering",
    volume  = "41",
    pages   = "781--814"
}

@article{Auricchio2008,
    author  = "F. Auricchio and P. Carotenuto and A. Reali",
    title   = "On the geometrically exact beam model: A consistent, effective and simple derivation from three-dimensional finite-elasticity",
    year    = "2008",
    journal = "International Journal of Solids and Structures",
    volume  = "45",
    pages   = "4766--4781"
}

@book{CookFEM,
    author    = "Robert D. Cook and David S. Malkus and michael E. Plesha and Robert J. Witt",
    title     = "Concepts and Applications of Finite Element Analysis",
    year      = "2001",
    edition = "4",
    publisher = "Wiley"
}

@article{YuGEBT,
    author  = "Wenbin Yu and Maxwell Blair",
    title   = "GEBT: A general-purpose nonlinear analysis tool for composite beams",
    year    = "2012",
    journal = "Composite Structures",
    volume  = "94",
    pages   = "2677--2689"
}

@book{BauchauBook,
    author    = "O. A. Bauchau",
    title     = "Flexible Multibody Dynamics",
    year      = "2010",
    publisher = "Springer"
}

@article{Argyris1982,
    author  = "John Argyris",
    title   = "An excursion into large rotations",
    year    = "1982",
    journal = "Computer Methods in Applied Mechanics and Engineering",
    volume  = "32",
    pages   = "85--155"
}

@article{Patil2001,
    author  = "Patil, M.J. and Hodges, D. H. and Cesnik, C. E. S.",
    title   = "Limit-cycle oscillations in high-aspect-ration wings",
    year    = "2001",
    journal = "Journal of Fluids and Structures",
    volume  = "15",
    pages   = "107--132"
}

@article{Geradin1989,
    author  = "Geradin, M. and Cardona, A. ",
    title   = "Kinematics and dynamics of rigid and flexible mechanisms using finite elements and quaternion algebra",
    year    = "1989",
    journal = "Computational Mechanics",
    volume  = "4",
    pages   = "115--135"
}



@InCollection{turner:64a,
  author = 	 {M. J. Turner and H. C. Martin and R. C. Leible},
  title = 	 {Further Development and Applications of Stiffness Methods},
  booktitle = 	 {Matrix Methods of Structural Analysis},
  year = 	 1964,
  edition =      {1st},
  publisher =    {Macmillian},
  address =      {New York},
  volume =	 1,
  pages =	 {203-266}
  }

@Article{bhutta:90jsr,
  author = 	 {B. A. Bhutta and C. H. Lewis},
  title = 	 {Large-Angle-of-Attack Vicous Hypersonic Flows over
                  Complex Lifting Configurations},
  journal = 	 {Journal of Spacecraft and Rockets},
  year = 	 1990,
  volume =	 27,
  number =	 2,
  pages =	 {194-204},
  note =	 {also AIAA Paper 89--0269, Jan. 1989}
}

@InCollection{blottner:70cp,
  author = 	 {F. G. Blottner},
  title = 	 {Prediction of Electron Density in the Boundary Layer
                  of Entry Vehicles with Ablation},
  booktitle = 	 {The Entry Plasma Sheath and Its Effects},
  type =         {NASA SP--252},
  volume =	 1,
  year =	 1970,
  month =	 oct,
  pages =	 {219--240}
}

@InProceedings{wirin:90cp,
  author = 	 {W. B. Wirin},
  title = 	 {Space Debris 1989},
  booktitle = 	 {Proceedings of the Thrity-Second Colloquium
                 on the Law of Outer Space},
  year =	 1990,
  publisher =	 {AIAA},
  address =	 {Wahington, DC},
  pages =	 {184--196}
}

@TechReport{bhutta:90vra,
  author = 	 {B. A. Bhutta and C. H. Lewis},
  title = 	 {PNS Predictions of External/Internal Hypersonic Flows
                  for NASP Propulsion Applications},
  institution =  {VRA, Inc.},
  type =         {VRA--TR--90--01},
  year = 	 1990,
  address =	 {Blacksburg, VA},
  month =	 jun
}

@TechReport{miner:75ncr,
  author = 	 {E. W. Miner and C. H. Lewis},
  title = 	 {Hypersonic Ionizing Air Viscous Shock-Layer Flows
                  over Nonanlytic Blunt Bodies},
  year = 	 1975,
  type =	 {NASA CR--2250},
  month =	 may
}

@TechReport{bhutta:90cp,
  author = 	 {B. A. Bhutta and C. H. Lewis},
  title = 	 {Aerothermodynamic Performance of 3-D and Bent-Nose RVs
                  Hypersonic Conditions},
  year = 	 1990,
  type =	 {AIAA Paper 90--3068},
  month =	 aug
}

@InCollection{sutton:85ar,
  author = 	 {K. Sutton},
  title = 	 {Air Radiation Revisted},
  booktitle = 	 {Thermal Design of Aeroassisted Orbital Transfer Vehicles},
  publisher =	 {AIAA},
  year =	 1985,
  editor =	 {H. F. Nelson},
  volume =	 96,
  type =	 {Progress in Astronautics and Aeronautics},
  address =	 {New York},
  pages =	 {419--441}
}

@TechReport{anon:53,
  author = 	 {Anon.},
  title = 	 {Equations, Tables, and Charts for Compressible Flow},
  year = 	 1953,
  type =	 {NACA Rept.~1135}
}

@Misc{moss:90pc,
  author =	 {J. N. Moss},
  howpublished = {private communication,
                  NASA Langley Research Center,
                  Hampton, VA},
  year =	 1990,
  month =	 jun
}

@Book{tufte:83bk,
  author =	 {Edward R. Tufte},
  title = 	 {The Visual Display of Quantitative Information},
  publisher = 	 {Graphics Press},
  year = 	 1983
}
