@article{Ressiner1973,
    author  = "Reissner, E",
    title   = "On one-dimensional large-displacement finite-strain beam theory",
    year    = "1973",
    journal = "Studies in Applied Mathematics LII",
    pages   = "87--95"
}

@book{HodgesBeamBook,
    author    = "Dewey H. Hodges",
    title     = "Nonlinear Composite Beam Theory",
    year      = "2006",
    publisher = "AIAA"
}

@article{Simo1985,
    author  = "J. C. Simo",
    title   = "A finite strain beam formulation. The three-dimensional dynamic problem. Part I",
    year    = "1985",
    journal = "Computer Methods in Applied Mechanics and Engineering",
    volume  = "49",
    pages   = "55--70"
}

@article{Simo1986,
    author  = "J. C. Simo and L. Vu-Quoc",
    title   = "A three-dimensional finite-strain rod model. Part II",
    year    = "1986",
    journal = "Computer Methods in Applied Mechanics and Engineering",
    volume  = "58",
    pages   = "79--116"
}

@article{Crisfield1999,
    author  = "G. Jeleni\'{c} and M. A. Crisfield",
    title   = "Geometrically exact 3D beam theory: implementation of a strain-invariant finite element for statics and dynamics",
    year    = "1999",
    journal = "Computer Methods in Applied Mechanics and Engineering",
    volume  = "171",
    pages   = "141--171"
}


@article{Ibrahim1995,
    author  = "Adnan Ibrahimbegovi\'c",
    title   = "On finite element implementation of geometrically nonlinear Reissner's beam theory: three-dimensional curved beam elements",
    year    = "1995",
    journal = "Computer Methods in Applied Mechanics and Engineering",
    volume  = "122",
    pages   = "11--26"
}


@article{Ibrahim1998,
    author  = "Adnan Ibrahimbegovi\'c and Mazen Al Mikdad",
    title   = "Finite rotations in dynamics of beams and implicit time-stepping schemes",
    year    = "1998",
    journal = "International Journal for Numerical Methods in Engineering",
    volume  = "41",
    pages   = "781--814"
}

@book{CookFEM,
    author    = "Robert D. Cook and David S. Malkus and michael E. Plesha and Robert J. Witt",
    title     = "Concepts and Applications of Finite Element Analysis",
    year      = "2001",
    edition = "4",
    publisher = "Wiley"
}

@article{YuGEBT,
    author  = "Wenbin Yu and Maxwell Blair",
    title   = "GEBT: A general-purpose nonlinear analysis tool for composite beams",
    year    = "2012",
    journal = "Composite Structures",
    volume  = "94",
    pages   = "2677--2689"
}

@book{Bauchau:2010,
    author    = "O. A. Bauchau",
    title     = "Flexible Multibody Dynamics",
    year      = "2010",
    publisher = "Springer"
}

@inproceedings{Wang:GEBT2013,
    author  = "Qi Wang and Wenbin Yu and Michael A Sprague",
    title   = "Gemoetric nonlinear analysis of composite beams using Wiener-Milenkovi\'c parameters",
    month = "April",
    year    = "2013",
    booktitle = "Proceedings of the 54th Structures, Structural Dynamics, and Materials Conference",
    address = "Boston, Massachusetts"   
}

@inproceedings{Wang:SFE2013,
    author  = "Qi Wang and Michael A Sprague",
    title   = "A Legendre spectral finite element implementation of geometrically exact beam theory",
    month = "April",
    year    = "2013",
    booktitle = "Proceedings of the 54th Structures, Structural Dynamics, and Materials Conference",
    address = "Boston, Massachusetts"   
}

@inproceedings{Wang:GEBT2014,
    author  = "Qi Wang and Michael A Sprague and Jason Jonkman and Nick Johnson",
    title   = "Nonlinear Legendre spectral finite elements for wind turbine blade dynamics",
    month = "January",
    year    = "2014",
    booktitle = "Proceedings of the 32nd ASME Wind Energy Symposium",
    address = "National Harbor, Maryland"   
}

@inproceedings{Jonkman:2013,
    author  = "Jason M. Jonkman",
    title   = "The new modularization framework for the FAST wind turbine CAE tool",
    month = "January",
    year    = "2013",
    booktitle = "Proceedings of the 51st AIAA Aerospace Sciences Meeting including the New Horizons Forum and Aerospace Exposition",
    address = "Grapevine, Texas"   
}

@misc{website:FASTModularizationFramework,
      author = "Jason Jonkman and Bonnie Jonkman",
      title = "FAST Modularization Framework",
      howpublished = "\url {http://wind.nrel.gov/designcodes/simulators/fast/alpha/}",
      month = "October",
      year = "2013",
      note = "[Online; accessed 30-MAY-2014]"      
}

@inproceedings{Sprague:FAST2014,
    author  = "Michael A. Sprague and Jason Jonkman and Bonnie Jonkman",
    title   = "FAST modular wind turbine CAE tool: non matching spatial and temporal meshes",
    month = "January",
    year    = "2014",
    booktitle = "Proceedings of the 32nd ASME Wind Energy Symposium",
    address = "National Harbor, Maryland"   
}





